JournalCode	JournalLib	EcritureNum	EcritureDate	CompteNum	CompteLib	CompAuxNum	CompAuxLib	PieceRef	PieceDate	EcritureLib	Debit	Credit	EcritureLet	DateLet	ValidDate	Montantdevise	Idevise
AA	BBBBBB	0	20140701	CCCCCCCC	ddddddddddddddd			ZZZZZZZ1	20140701	EEEEE EEE EEEEEE	34,81	0,00			20150630	0,00	
AA	BBBBBB	0	20140701	CCCCCCCC	ddddddddddddddd			ZZZZZZZ2	20140701	EEEEE EEE EEEEEE	12,02	0,00			20150630	0,00	
AA	BBBBBB	0	20140701	CCCCCCCC	ddddddddddddddd			ZZZZZZZ3	20140701	EEEEE EEE EEEEEE	37,98	0,00			20150630	0,00	
AA	BBBBBB	0	20140701	CCCCCCCC	ddddddddddddddd			ZZZZZZZ4	20140701	EEEEE EEE EEEEEE	27,48	0,00			20150630	0,00	
